@techreport{RFC5054,
  author = {D. Taylor and T. Wu and N. Mavrogiannopoulos and T. Perrin},
  title = {Using the Secure Remote Password (SRP) Protocol for TLS Authentication},
  howpublished = {Internet Requests for Comments},
  type = {RFC},
  number = {5054},
  year = {2007},
  month = {November},
  issn = {2070-1721},
  publisher = {RFC Editor},
  institution = {RFC Editor},
  url = {https://tools.ietf.org/html/rfc5054},
  note = {\url{https://tools.ietf.org/html/rfc5054}},
}

@techreport{RFC2944,
  author = {T. Wu},
  title = {Telnet Authentication: SRP},
  howpublished = {Internet Requests for Comments},
  type = {RFC},
  number = {2944},
  year = {2000},
  month = {September},
  issn = {2070-1721},
  publisher = {RFC Editor},
  institution = {RFC Editor},
  url = {https://tools.ietf.org/html/rfc2944},
  note = {\url{https://tools.ietf.org/html/rfc2944}},
}

@article{aeke,
 author = {Steiner, Michael and Tsudik, Gene and Waidner, Michael},
 title = {Refinement and Extension of Encrypted Key Exchange},
 journal = {SIGOPS Oper. Syst. Rev.},
 issue_date = {July 1995},
 volume = {29},
 number = {3},
 month = jul,
 year = {1995},
 issn = {0163-5980},
 pages = {22--30},
 numpages = {9},
 url = {http://doi.acm.org/10.1145/206826.206834},
 doi = {10.1145/206826.206834},
 acmid = {206834},
 publisher = {ACM},
 address = {New York, NY, USA},
} 


@INPROCEEDINGS{srp,
    author = {Thomas Wu},
    title = {The secure remote password protocol},
    booktitle = {In Proceedings of the 1998 Internet Society Network and Distributed System Security Symposium},
    year = {1998},
    pages = {97--111}
}
