@misc{safarisupport,
	url = {https://support.apple.com/kb/PH21417?viewlocale=en_US&locale=en_US},
}

@misc{mozillasupport,
	url = {https://support.mozilla.org/en-US/kb/secure-website-certificate},
}

@misc{android,
	url = {http://wiki.cacert.org/FAQ/ImportRootCert}
}

@techreport{rfc5280,
  author = {D. Cooper and S. Santesson and S. Farrell and S. Boeyen and R. Housley and W. Polk},
  title = {Internet X.509 Public Key Infrastructure Certificate and Certificate Revocation List (CRL) Profile},
  howpublished = {Internet Requests for Comments},
  type = {RFC},
  number = {5280},
  year = {2008},
  month = {May},
  issn = {2070-1721},
  publisher = {RFC Editor},
  institution = {RFC Editor},
  url = {http://www.rfc-editor.org/rfc/rfc5280.txt},
  note = {\url{http://www.rfc-editor.org/rfc/rfc5280.txt}},
}