@techreport{RFC6347,
  author = {E. Rescorla and N. Modadugu},
  title = {Datagram Transport Layer Security Version 1.2},
  howpublished = {Internet Requests for Comments},
  type = {RFC},
  number = {6347},
  year = {2012},
  month = {January},
  issn = {2070-1721},
  publisher = {RFC Editor},
  institution = {RFC Editor},
  url = {http://www.rfc-editor.org/rfc/rfc6347.txt},
  note = {\url{http://www.rfc-editor.org/rfc/rfc6347.txt}},
}

@techreport{RFC5246,
  author = {T. Dierks and E. Rescorla},
  title = {The Transport Layer Security (TLS) Protocol Version 1.2},
  howpublished = {Internet Requests for Comments},
  type = {RFC},
  number = {5246},
  year = {2008},
  month = {August},
  issn = {2070-1721},
  publisher = {RFC Editor},
  institution = {RFC Editor},
  url = {http://www.rfc-editor.org/rfc/rfc5246.txt},
  note = {\url{http://www.rfc-editor.org/rfc/rfc5246.txt}},
}

@techreport{RFC5077,
  author = {J. Salowey and H. Zhou and P. Eronen and H. Tschofenig},
  title = {Transport Layer Security (TLS) Session Resumption without Server-Side State},
  howpublished = {Internet Requests for Comments},
  type = {RFC},
  number = {5077},
  year = {2008},
  month = {January},
  issn = {2070-1721},
  publisher = {RFC Editor},
  institution = {RFC Editor},
  url = {http://www.rfc-editor.org/rfc/rfc5077.txt},
  note = {\url{http://www.rfc-editor.org/rfc/rfc5077.txt}},
}

@misc{tutorial,
	author = {Vidhatha Vivekananda},
	title = {Dissecting TLS Using Wireshark},
	year = {2017},
	month = {May},
	url = {http://blog.catchpoint.com/2017/05/12/dissecting-tls-using-wireshark/},
	note = {\url{http://blog.catchpoint.com/2017/05/12/dissecting-tls-using-wireshark/}}
}