@article{distinguisher,
  title={On the Security of HMAC and NMAC Based on HAVAL, MD4, MD5, SHA-0 and SHA-1},
  author={Kim, Jongsung and Biryukov, Alex and Preneel, Bart and Hong, Seokhie},
  journal={Lecture Notes in Computer Science},
  volume={4116},
  pages={242--256},
  year={2006},
  publisher={Springer}
}

@inproceedings{secondpreimage,
  title={Distinguishing and Second-Preimage Attacks on CBC-Like MACs.},
  author={Jia, Keting and Wang, Xiaoyun and Yuan, Zheng and Xu, Guangwu},
  organization={Springer}
}

@misc{rfc2104,
  added-at = {2009-11-15T15:37:34.000+0100},
  author = {Krawczyk, H. and Bellare, M. and Canetti, R.},
  biburl = {https://www.bibsonomy.org/bibtex/2a08417c2def6ec3508b1e1998280b509/henkellermann},
  howpublished = {RFC 2104 (Informational)},
  interhash = {4c92bf2c8799ae9359fb6a0f853d9cf6},
  intrahash = {a08417c2def6ec3508b1e1998280b509},
  keywords = {imported},
  month = {February},
  number = 2104,
  organization = {Internet Engineering Task Force},
  publisher = {IETF},
  series = {Request for Comments},
  timestamp = {2009-11-15T15:37:58.000+0100},
  title = {{HMAC: Keyed-Hashing for Message Authentication}},
  url = {http://www.ietf.org/rfc/rfc2104.txt},
  year = 1997
}

@Inbook{omac,
author="Iwata, Tetsu
and Kurosawa, Kaoru",
editor="Johansson, Thomas",
title="OMAC: One-Key CBC MAC",
bookTitle="Fast Software Encryption: 10th International Workshop, FSE 2003, Lund, Sweden, February 24-26, 2003. Revised Papers",
year="2003",
publisher="Springer Berlin Heidelberg",
address="Berlin, Heidelberg",
pages="129--153",
abstract="In this paper, we present One-key CBC MAC (OMAC) and prove its security for arbitrary length messages. OMAC takes only one key, K (k bits) of a block cipher E. Previously, XCBC requires three keys, (k+2n) bits in total, and TMAC requires two keys, (k+n) bits in total, where n denotes the block length of E.",
isbn="978-3-540-39887-5",
doi="10.1007/978-3-540-39887-5_11",
url="https://doi.org/10.1007/978-3-540-39887-5_11"
}


@article{cbcmac,
  title={The security of the cipher block chaining message authentication code},
  author={Bellare, Mihir and Kilian, Joe and Rogaway, Phillip},
  journal={Journal of Computer and System Sciences},
  volume={61},
  number={3},
  pages={362--399},
  year={2000},
  publisher={Elsevier}
}

